@book{testbuch1,
    author = "John Doe",
    title = "Test Title",
    year = "2021",
    publisher = "Test Publisher"
}
@misc{switchStacking,
  author       = {Howard},
  title        = {Switch Stacking: Grundlage, Konfiguration und FAQs},
  year         = {April 01, 2022},
  addendum     = {abgerufen am 02.02.2023},
  url          = {https://community.fs.com/de/blog/switch-stacking-explained-basis-configuration-and-fa-qs.html}
}
@misc{switchKaskadierung,
  author       = {Charlene},
  title        = {Verbindung mehrerer Ethernet-Switches},
  year         = {August 20, 2020},
  addendum     = {abgerufen am 02.02.2023},
  url          = {https://community.fs.com/de/blog/how-to-connect-multiple-ethernet-switches.html}
}
@misc{spanningTree,
  title        = {Verbindung mehrerer Ethernet-Switches},
  year         = {2021},
  addendum     = {abgerufen am 02.02.2023},
  author       = {NetworkAcademy.io},
  url          = {https://community.fs.com/de/blog/how-to-connect-multiple-ethernet-switches.html}
}
@misc{autoNegation,
  title        = {Wozu dient die Auto-Negotiation in einem SFP-Transceiver?},
  year         = {November 11, 2019},
  addendum     = {abgerufen am 02.02.2023},
  author       = {CBIC},
  url          = {https://www.gbic-shop.de/blog/de/96-transceiver/318-wozu-dient-die-auto-negotiation-in-einem-sfp-transceiver.html}
}
@misc{autoUplink,
  title        = {Begriffe aus der ITK-Technik kurz erklärt},
  year         = {n.A.},
  addendum     = {abgerufen am 02.02.2023},
  author       = {Telefonbau Schneider},
  url          = {https://www.telefonbau-schneider.de/de/glossar/A/auto-uplink/?cHash=f74ae4c0659ddd0076bb73d1ab9b5d03}
}
@misc{linkAggregation,
  title        = {Was ist Link Aggregation (802.1AX; früher 802.3ad)?},
  year         = {06.12.2019},
  addendum     = {abgerufen am 08.02.2023},
  author       = {Dipl.-Ing. (FH) Stefan Luber und Dipl.-Ing. (FH) Andreas Donner},
  url          = {https://www.ip-insider.de/was-ist-link-aggregation-8021ax-frueher-8023ad-a-886319/}
}
@misc{portTrunking,
  title        = {Port Trunking},
  year         = {n.A.},
  addendum     = {abgerufen am 08.02.2023},
  author       = {IT-Administrator},
  url          = {https://www.it-administrator.de/lexikon/port_trunking.html}
}
@misc{trunkLeitung,
  title        = {Was ist eine Trunk-Leitung?},
  year         = {23.06.2020},
  addendum     = {abgerufen am 08.02.2023},
  author       = {Dipl.-Ing. (FH) Stefan Luber und Dipl.-Ing. (FH) Andreas Donner},
  url          = {https://www.ip-insider.de/was-ist-eine-trunk-leitung-a-941266/}
}
@misc{vollDuplex,
  title        = {Vollduplex-Betrieb},
  year         = {Februar 1987},
  addendum     = {abgerufen am 08.02.2023},
  author       = {Academic},
  url          = {https://de-academic.com/dic.nsf/dewiki/1473113}
}
@misc{macAdressenFilter,
  title        = {MAC-Filter},
  year         = {23.09.2022},
  addendum     = {abgerufen am 08.02.2023},
  author       = {Wikipedia},
  url          = {https://de.wikipedia.org/wiki/MAC-Filter}
}
@misc{vlan,
  title        = {VLAN},
  year         = {06.12.2008},
  addendum     = {abgerufen am 08.02.2023},
  author       = {BSZ ET DD, BS-IT},
  url          = {http://docs.hp.com/en/5992-0538/ar01s01.html}
}
@misc{bildtest,
  author       = {{Wikipedia}},
  title        = {Atomic force microscopy},
  year         = {2013},
  note         = {[Online; accessed April 27, 2013]},
  url          = {https://test.de}
}